6860 5310
702 555 1081 607 NAMEN
1156 563 1308 609 en
1383 566 2077 617 TOENAMEN.

594 2421 1525 2483 Boovel

1052 2653 1621 2709 Muselme

2566 463 2770 515 WAMEN
2810 462 2931 509 DER
2970 457 3259 514 OUDERS,

2502 523 2711 579 BAxUM
2752 522 2875 568 VaN
2912 517 3283 567 GEBOORTE,

2575 579 3258 630 GEBOORTEPLAATSEN

2518 641 2807 692 TAATSTE
2848 639 3301 690 WoONELAATS.

2377 1467 2463 1513 op

2350 1531 2590 1582 Vader
2637 1536 2972 1588 Lodewyk
3019 1534 3306 1590 Joseph

2288 1974 2509 2026 Meeder
2545 1982 2838 2035 Isabelle
2873 1991 3020 2042 Rose
3056 1998 3167 2046 van
3202 2001 3423 2051 Zighem

1681 2438 1776 2487 de
1822 2440 2099 2488 Sangry
2144 2441 2420 2492 Geboun
2466 2448 2558 2494 21
2604 2450 2972 2500 Augussus
3017 2447 3249 2499 1784:

2300 2839 2406 2887 te
2455 2843 2765 2894 Wichte
2816 2848 2921 2895 by
2971 2851 3283 2899 Brugge

2303 3273 2856 3320 laatstgewoond
2899 3274 2984 3320 te
3026 3274 3196 3321 Gend

2416 3503 2519 3553 Cellyn

3477 499 3543 563 G
3574 522 3624 568 G
3673 522 3723 567 A
3773 521 4120 568 FPESEV.
4169 521 4318 569 YIY
4367 522 4714 569 PEKOMEY
4764 524 4977 594 PEN-

3482 601 3630 649 StOEN
3659 600 3720 646 OF
3747 597 3984 647 BIMISSIZ
4012 597 4159 644 ENTAN
4188 596 4515 653 OYERLISDEN.
4541 608 4630 654 MET
4659 607 4777 653 WELR
4806 608 4960 659 SONLT

3476 660 3538 707 EN
3567 659 3688 707 WAAR
3716 652 4018 702 VERTRORREN
4048 652 4109 698 EN
4139 652 4352 698 WANNEER
4379 655 4443 703 OP
4470 660 4591 706 JAVA
4619 659 4951 706 AANGEROMEN.

3840 845 4261 897 Frankryk

3440 911 3590 969 „Kadet
3614 924 3664 970 op
3688 925 3738 970 de
3762 925 3984 971 Militaire
4008 923 4157 969 School
4180 922 4255 968 van
4280 923 4354 968 het
4378 924 4575 972 Ragument

3639 994 3752 1040 van
3790 993 3866 1038 de
3903 994 4092 1039 funce
4128 992 4242 1039 van
4279 991 4468 1039 Ligne

3460 1064 3671 1117 Geadarme
3695 1065 3748 1111 by
3773 1065 3825 1110 de
3849 1066 4082 1116 Oprigting
4108 1069 4237 1115 vande
4262 1069 4366 1116 Gens
4391 1072 4580 1119 d'armes

3621 1143 3706 1200 d'
3743 1138 4129 1190 ordonnance

3452 1212 3668 1262 Bregadier

3449 1279 3700 1327 Nachtimr.

3441 1347 3472 1394 2
3495 1348 3682 1397 Lutent.
3707 1350 3761 1396 by
3787 1351 3867 1396 het
3893 1352 3947 1398 19
3972 1354 4184 1400 Regiment
4211 1349 4476 1403 Dragonders

3451 1427 3555 1475 Lust
3579 1425 3714 1475 ads:t
3737 1431 3816 1479 byj
3840 1434 3892 1479 de
3918 1434 4126 1479 Generaal
4152 1435 4283 1483 Baren
4308 1438 4391 1490 Nrg

4425 1447 4471 1494 1

3447 1509 3697 1557 Kapitein

3502 1593 3611 1639 id

3627 1594 3683 1639 by
3710 1593 3793 1639 den
3821 1593 3933 1641 Staf
3959 1596 4042 1642 van
4069 1595 4153 1642 den
4180 1595 4402 1646 Generaal
4429 1596 4568 1646 Graaf

3663 1659 3873 1721 Papol

3668 1745 3757 1791 Ter
3786 1747 4081 1795 dispositie
4110 1751 4200 1798 van
4228 1753 4317 1798 het
4345 1751 4639 1802 Ministerie

3653 1833 3736 1884 van
3762 1832 3922 1878 Oorlog
3948 1831 4134 1878 gesteld
4161 1831 4215 1876 en
4240 1831 4348 1878 door
4373 1833 4590 1884 hetzelve

3642 1906 3947 1957 verscheiden
3974 1913 4112 1959 malen
4139 1914 4195 1960 en
4222 1915 4470 1963 Commissie
4498 1918 4584 1968 ge„

3645 1992 3833 2048 zonden
3863 1994 3925 2041 by
3954 1997 4047 2043 den
4076 1997 4320 2044 Generaal
4349 1996 4381 2042 a
4410 1997 4538 2052 Chef

3643 2070 3995 2120 Maison

4837 1141 5004 1198 1806

4562 1215 4592 1262 6
4618 1214 4833 1263 November
4857 1212 4999 1262 1806.

4549 1283 4578 1328 7
4607 1283 4839 1339 February
4863 1283 4981 1339 1807

4551 1348 4626 1407 14
4663 1363 4812 1412 July
4844 1347 4996 1413 1807

4567 1438 4638 1490 20
4670 1440 4803 1492 July

4826 1442 4997 1491 1811

4575 1512 4633 1561 25
4658 1518 4822 1567 Novemb

4828 1514 4994 1565 1813

4563 1676 4616 1723 14
4640 1675 4847 1725 february
4872 1680 5000 1728 1814.

3460 2154 3698 2200 Kapitein
3727 2152 3787 2198 by
3815 2150 3906 2197 het
3935 2151 3996 2197 11
4024 2152 4263 2201 Regiment
4291 2155 4500 2205 Suraren
4525 2157 4559 2205 —
4586 2160 4646 2208 14
4674 2160 4824 2206 Maart
4853 2157 5002 2208 1814.

3632 2236 3688 2283 in
3714 2237 3824 2282 dien
3851 2238 4043 2283 Zelfden
4070 2237 4180 2283 lang
4206 2235 4480 2282 overgegaan
4507 2236 4562 2282 by

3633 2317 3710 2364 het
3734 2316 3937 2366 Regiment
3961 2318 4140 2365 Huxdren
4163 2318 4239 2364 van
4264 2318 4340 2363 den
4365 2317 4566 2365 Konning.

3639 2404 3693 2449 of
3717 2398 3827 2447 last
3853 2401 3934 2449 van
3959 2403 4039 2449 den
4065 2401 4226 2447 Luit:t
4252 2402 4468 2450 Generaal
4492 2405 4626 2451 Tacol
4651 2403 4706 2449 29
4732 2402 4866 2448 April
4892 2402 4998 2448 1814

3439 2446 3614 2516 „oeml
3629 2485 3698 2532 en
3729 2483 3862 2531 Chif
3894 2485 3993 2531 van
4025 2485 4124 2530 Een
4156 2482 4451 2535 Escadron—

4548 2487 4618 2533 27
4651 2487 4825 2536 Maart
4859 2486 4998 2535 1815

3849 2569 4399 2622 Nederland

3635 2650 3683 2695 Op
3707 2650 3779 2695 non
3803 2649 4067 2697 activeleits
4090 2650 4330 2701 tractement
4352 2650 4521 2699 gesteld

4555 2651 4586 2697 1
4615 2651 4852 2703 November
4878 2650 4997 2702 1815

3454 2731 3710 2777 Ritmeester
3736 2730 3915 2776 benoemd
3940 2730 3992 2775 by
4013 2723 4094 2774 het
4118 2724 4173 2773 J:
4194 2728 4399 2779 Regiment
4425 2729 4604 2777 Dwaaren

3634 2811 3968 2862 dienstdoende
3995 2809 4051 2855 en
4078 2809 4189 2855 Oost
4216 2811 4354 2858 Indie
4381 2811 4437 2857 by
4464 2812 4608 2860 Zell.

4575 2883 4619 2933 1
4653 2889 4808 2935 Juny
4844 2882 4999 2935 1824

3636 2890 3875 2942 besluit
3909 2888 4010 2935 N=o
4043 2887 4144 2933 140
4178 2888 4250 2942 de

3641 2965 3945 3014 Vertrokken
3974 2967 4066 3014 van
4097 2966 4401 3014 Vlissingen
4430 2965 4521 3011 met
4552 2964 4643 3011 het

4652 2979 4695 3025 6

3646 3043 3776 3089 Schip
3802 3044 4062 3091 Fortituide
4086 3038 4243 3088 Kapt:n
4269 3039 4322 3086 V:
4346 3042 4398 3087 d:
4424 3042 4581 3090 Broeke
4606 3045 4658 3090 28
4683 3045 4839 3091 Decemb
4864 3044 4969 3090 1824
4995 3046 5021 3092 —

3643 3122 3905 3171 aangekomen
3931 3124 3983 3169 te
4009 3125 4191 3172 Batavia
4216 3127 4294 3172 met
4320 3126 4398 3172 het
4423 3126 4579 3173 Zelfde

3642 3193 3795 3248 Slhip
3823 3203 3883 3248 en
3913 3203 4155 3256 Kapitein

4532 3208 4592 3254 14
4621 3206 4858 3253 November
4887 3205 5010 3253 1825

3643 3275 3869 3326 Bybesluit
3892 3280 3967 3326 van
3992 3280 4042 3325 L:
4066 3279 4116 3325 E:
4140 3281 4216 3328 den
4240 3280 4416 3329 Gouv.:r
4437 3277 4587 3330 Generl

3638 3356 3718 3403 dit
3743 3355 3797 3401 20
3822 3354 3980 3405 Novemb
4005 3358 4112 3404 1825
4135 3360 4191 3408 No
4214 3364 4242 3410 1
4266 3362 4504 3410 geplaatst
4528 3359 4581 3409 by

3635 3432 3727 3482 det
3757 3432 4026 3482 Regiment:
4055 3437 4086 3483 -
4114 3438 4204 3483 het
4234 3439 4591 3492 konmandement

3638 3510 3698 3563 en
3723 3508 3995 3561 Inspecteur
4020 3517 4101 3562 van
4128 3516 4209 3562 het
4236 3516 4372 3562 koops
4397 3518 4585 3571 Djajang

3636 3585 3786 3634 Sekars
3809 3590 4083 3644 opgedragen,
4106 3598 4279 3644 Besluit
4302 3596 4453 3643 Somm:s
4475 3595 4599 3643 Gen:d

3641 3659 3780 3709 No.
3821 3665 3910 3710 49
3953 3666 4042 3713 a4

4564 3670 4625 3719 17
4652 3674 4855 3727 January
4883 3665 5001 3723 1827

3654 3733 3916 3790 Toegestaan
3941 3746 4020 3793 zit
4045 3748 4150 3795 regt
4175 3751 4228 3797 om
4253 3753 4305 3799 de
4331 3749 4566 3800 uiterlyke

3649 3814 3821 3869 tekenen
3843 3824 4037 3873 verknogt
4060 3828 4133 3874 aan
4156 3829 4229 3875 den
4252 3830 4350 3878 lang
4373 3833 4447 3880 van
4469 3835 4614 3882 Majoor

3643 3894 3714 3941 der
3737 3895 3877 3944 Kavall
3898 3900 3922 3945 s
3945 3901 4177 3953 indirgenot
4198 3908 4315 3955 vande
4337 3910 4408 3957 aan
4429 3912 4500 3958 den
4522 3914 4614 3965 zel„

3618 3976 3740 4025 „ven,
3764 3976 3981 4027 verbonden
4004 3981 4341 4033 onderscheiding
4363 3989 4411 4034 te
4435 3989 4597 4039 dragen

3585 4056 3620 4104 „
3649 4053 3861 4101 kesluis
3888 4056 3951 4104 C.
3979 4058 4160 4107 Gener.
4188 4055 4251 4104 N.
4278 4061 4311 4108 o
4339 4064 4430 4113 37,
4458 4070 4519 4117 di
4549 4073 4579 4118 1
4608 4071 4849 4121 february
4877 4062 4999 4119 1827

3434 4129 3465 4176 „
3490 4131 3627 4177 Major
3653 4133 3708 4179 by
3734 4133 3816 4178 het
3842 4134 3873 4180 7
3897 4136 4115 4185 Regiment
4140 4138 4332 4185 Nuaaren
4358 4141 4603 4195 onderbel„

3643 4206 3792 4252 paling
3814 4209 3866 4256 hy
3889 4212 3963 4258 als
3987 4213 4184 4261 zoodanig
4208 4216 4258 4261 by
4282 4216 4356 4261 dat
4380 4216 4503 4263 Korfs
4528 4218 4613 4267 zal

3516 4207 3542 4253 1

3625 4269 3778 4329 blyven
3803 4284 4007 4337 Jungeren
4030 4293 4106 4338 tot
4131 4292 4209 4338 zoo
4233 4294 4334 4340 lang
4359 4294 4435 4339 dit
4460 4294 4590 4343 korps

3637 4353 3695 4405 op
3716 4361 3795 4409 den
3819 4365 4182 4417 tegenwoordigen
4206 4371 4311 4418 voet
4335 4374 4413 4419 zal
4438 4374 4599 4426 blyven

3648 4437 3712 4487 en
3739 4443 3800 4490 by
3827 4442 3919 4489 het
3947 4444 4186 4493 Regiment
4216 4447 4426 4499 Dwaaren
4454 4455 4574 4503 als.

3656 4521 3853 4580 gedetant
3876 4521 4020 4573 worden
4041 4528 4208 4576 gevoerd
4231 4528 4279 4573 by
4302 4529 4373 4574 but
4397 4530 4591 4583 Minister

3655 4601 3740 4647 van
3768 4602 3909 4652 Staat
3937 4607 4079 4657 Comm:
4106 4612 4304 4658 Generl.
4331 4613 4416 4659 No.
4444 4614 4504 4664 21

4532 4622 4598 4668 37
4630 4620 4765 4668 Aug.
4795 4621 4829 4667 o
4862 4617 5000 4665 1829

5025 526 5462 605 GEDTEND:

5016 691 5156 748 jaakw.
5172 691 5309 750 Maauw.
5331 702 5355 748 /
5376 700 5470 748 340.

5685 497 5872 545 GEDANE
5903 500 6255 553 VELDTOETEN,

5531 575 5780 623 BEROMENL
5811 574 6029 621 WONDEN,
6057 574 6397 622 VLTSTEKENDX

5575 644 5636 692 OF
5664 647 5955 692 BTSZONDEAE
5983 647 6360 695 YLAATETTNGEN.

5469 867 5559 913 1806
5582 867 5628 913 en
5649 869 5808 917 Pruisen
5829 872 5919 917 1807
5941 871 5986 917 in
6008 871 6121 917 Polen
6143 872 6211 918 180
6233 873 6301 919 den
6323 870 6458 920 Spanse

5461 940 5545 990 1809
5566 940 5607 986 en
5627 941 5810 988 Poetigal,
5830 944 5891 989 met
5910 943 6015 990 1810,
6033 946 6095 993 14,
6114 949 6175 994 12,
6195 949 6256 995 13,
6277 951 6339 997 14,
6358 952 6399 997 15
6417 949 6460 997 in

5468 1014 5694 1062 Frankryk.
5719 1018 5995 1067 Geblesseerd
6019 1022 6119 1068 door
6144 1023 6473 1075 eengemeerkoge

5470 1097 5615 1143 aanhet
5639 1098 5761 1146 hoofd
5784 1101 5882 1148 voor
5905 1103 6050 1149 debrug
6074 1103 6147 1149 van
6170 1103 6387 1151 Canaviche
6411 1105 6465 1158 in

5465 1174 5673 1224 Portegal
5698 1180 5775 1225 den
5800 1179 5826 1224 8
5852 1179 6059 1229 Augustus
6082 1181 6211 1229 1809.

5463 1256 5712 1306 Geblesseerd
5733 1260 5822 1305 door
5844 1260 5867 1305 2
5889 1260 6157 1311 geweerkogels
6178 1266 6245 1311 ent
6266 1263 6467 1312 Sabelhouw

5472 1334 5521 1384 en
5542 1333 5610 1380 het
5629 1336 5762 1385 gerigt
5784 1340 5850 1385 van
5871 1340 6069 1388 Arrobisso
6091 1342 6135 1387 en
6157 1343 6378 1392 Ehamadura,
6398 1345 6464 1392 al„

5462 1408 5551 1458 waar
5572 1413 5639 1459 zyn
5659 1414 5768 1460 paard
5789 1413 5966 1464 onderhem
5985 1419 6117 1466 gedood
6138 1419 6247 1465 wierd
6269 1421 6291 1466 -
6311 1421 6466 1474 Geblee„

5471 1488 5582 1534 seerd
5605 1488 5694 1534 door
5716 1489 5783 1535 een
5805 1491 6006 1540 Sabelhouw
6027 1496 6073 1542 en
6093 1497 6160 1543 een
6182 1498 6451 1548 bajonetsterk

5459 1569 5501 1615 en
5520 1567 5584 1613 het
5601 1569 5724 1617 geregt
5744 1573 5785 1618 op
5805 1573 5867 1620 den
5886 1575 5927 1620 21
5946 1575 6028 1623 Aug.
6048 1579 6070 1625 s
6088 1580 6169 1626 1809
6189 1581 6271 1629 voor
6291 1585 6454 1634 Victoria

5462 1650 5750 1700 kryysgevangen
5771 1655 5970 1706 engebragt
5989 1662 6034 1708 op
6055 1662 6121 1708 het
6142 1663 6275 1711 Ponton
6296 1666 6341 1712 de
6360 1666 6470 1713 Ouder

5463 1734 5670 1782 Castille,
5691 1738 5874 1786 leggende
5896 1740 5987 1785 voor
6010 1741 6057 1787 de
6078 1743 6149 1791 Ree
6168 1747 6238 1795 van
6260 1750 6375 1799 Cadix
6396 1755 6465 1802 den

5451 1811 5507 1860 15
5532 1812 5611 1860 Mei
5635 1814 5741 1861 1810
5765 1816 5870 1864 Zyne
5894 1818 6077 1866 Vryheid
6100 1821 6233 1871 weder
6257 1821 6438 1874 bekomen

5457 1894 5714 1943 doormiddel
5739 1899 5816 1944 van
5841 1900 5945 1949 zyne
5969 1904 6353 1954 medegevangenen,
6376 1905 6454 1954 het

5449 1971 5586 2024 Purton
5607 1979 5676 2026 wig
5697 1982 5742 2027 te
5764 1982 5900 2030 voeren
5921 1985 6057 2032 waarop
6078 1989 6124 2035 zy
6145 1991 6191 2037 in
6212 1990 6461 2037 verzekering

5456 2059 5675 2109 graren
5709 2052 6001 2110 gesteld.

5464 2134 5521 2185 In
5542 2142 5623 2192 het
5646 2148 5803 2199 gevegt
5826 2155 5905 2202 van
5930 2156 6086 2201 dienca
6111 2156 6163 2202 en
6189 2157 6346 2206 Spanje
6369 2156 6448 2207 een

5442 2228 5557 2278 „stuk
5578 2231 5646 2279 van
5666 2234 5711 2280 de
5732 2235 5953 2286 Artillerie
5975 2240 6175 2287 veroverd.
6196 2242 6218 2287 -
6240 2242 6308 2289 met
6328 2244 6374 2290 40
6394 2246 6473 2297 man

5440 2302 5724 2363 culbecteerde
5747 2319 5795 2365 hy
5817 2320 5888 2366 van
5911 2321 5982 2367 zyn
6005 2322 6193 2369 regiment
6217 2320 6452 2370 Kavallecie

5438 2395 5603 2444 maakte
5630 2395 5685 2441 83
5710 2397 5846 2445 krygs
5872 2401 6141 2447 gevangenen
6167 2403 6221 2448 en
6247 2400 6383 2448 drodd
6403 2387 6464 2442 37

5449 2478 5505 2528 en
5530 2478 5608 2523 het
5633 2478 5789 2524 geregt
5815 2479 5893 2525 van
5917 2478 6151 2527 Panavesie
6177 2482 6229 2527 en
6254 2482 6462 2530 Portugal

5449 2560 5504 2610 en
5529 2559 5761 2607 veroverde
5783 2563 5861 2609 een
5885 2562 6064 2609 Vaandel
6089 2563 6115 2608 -
6140 2562 6344 2609 tusschen
6370 2561 6478 2610 Mora

5457 2633 5515 2683 en
5539 2639 5784 2688 Consingra
5810 2644 5864 2690 en
5891 2644 6054 2690 Spanje
6080 2645 6271 2694 verlest
6295 2647 6350 2693 hy
6376 2646 6459 2693 met

5455 2715 5509 2762 35
5534 2717 5614 2765 man
5638 2720 5717 2767 van
5742 2722 5822 2768 zyn
5844 2721 6055 2769 Rigement
6081 2723 6160 2768 een
6185 2724 6473 2776 Ditachement

5459 2800 5539 2849 van
5566 2804 5645 2850 het
5671 2805 5777 2850 Regt
5803 2805 5882 2851 van
5908 2806 6040 2852 Baden
6066 2807 6252 2856 hetwelk
6276 2810 6382 2856 door
6407 2810 6463 2859 de

5456 2879 5704 2928 briganten
5731 2883 5979 2932 aangetast
6006 2887 6089 2932 was
6116 2887 6365 2936 geworden,
6391 2890 6445 2936 hy

5467 2957 5605 3002 tenam
5633 2957 5690 3004 22
5716 2960 5800 3006 man
5826 2961 5882 3006 en
5908 2962 5991 3008 een
6019 2963 6240 3008 gedeelte
6267 2961 6351 3008 van
6375 2957 6461 3004 het

5459 3045 5539 3095 Een
5563 3051 5667 3099 vooy
5690 3053 5767 3099 dat
5792 3055 5896 3103 door
5920 3058 5997 3103 den
6022 3058 6150 3106 Vyand
6176 3060 6253 3105 was
6278 3061 6355 3106 weg
6380 3062 6458 3110 ge„

5460 3128 5722 3179 nomen

5454 3222 5739 3272 Gedecireerd
5765 3224 5843 3271 met
5868 3225 5945 3271 het
5970 3225 6100 3275 Kruis
6124 3230 6201 3276 der
6227 3229 6459 3277 Militaire

5454 3309 5612 3358 lieder
5638 3310 5717 3356 van
5742 3312 5873 3359 Naden
5898 3314 5950 3360 en
5976 3315 6133 3363 Redder
6159 3319 6238 3365 van
6262 3320 6340 3366 het
6366 3318 6445 3366 le„

5437 3394 5628 3442 „given
5660 3396 5755 3442 van
5785 3395 5912 3443 Eee.

5468 3478 5700 3529 Versierd
5727 3485 5815 3532 met
5842 3487 5900 3533 de
5928 3488 6188 3539 Achtkante
6215 3495 6391 3544 bronge

5451 3565 5687 3615 Medaille
5717 3571 5954 3620 voortikt
5983 3576 6190 3625 bywonen
6218 3578 6308 3625 van
6336 3575 6433 3626 den

5461 3658 5668 3706 Oorlog
5703 3659 5772 3705 op
5806 3660 5945 3709 Pava
5978 3663 6118 3710 1825
6151 3665 6187 3710 -
6220 3665 6393 3713 1830.

6525 268 6604 317 2
