5000 3747
695 237 873 294 1329

843 405 1490 453 Namen en Soenamen.

738 759 1600 809 Antoine Tuillaume Friederie

702 1055 1381 1107 Van Lee

759 1732 1568 1790 Pelix Jean Baptiste

699 2033 1439 2085 Jan Oroit

687 2477 1579 2541 „het onderscheidingsteeken, voor langdoorig

679 2507 1556 2583 a nederlaandsche dumst als Officier toegekerd,

840 2574 1347 2628 tie off. Mut: December 1863.

724 2705 1307 2763 Ian Coenraad

857 3001 1552 3077 Eeenbergen

675 3048 1556 3139 Als nag benoemd tot Redeer der 4e

698 3098 1575 3185 klasse van de militaire Willems orde

690 3138 1498 3213 voor zyn gedrag by eene Expeditie

685 3172 1559 3244 degen de zeeroovers op de Noordkust

695 3209 1565 3282 der Minahassa in de maand April

686 3248 1532 3330 1856 Betleutzil 21 Deeb 1859 N 60,

822 3294 1577 3382 Res 24 December 1859 N 37 1595.

1652 329 2134 381 (Datum van Gehoorte, Namen

1692 381 2125 427 der Ouders, Gehuwd met of

1687 428 1983 477 zonder Kinderen.

1653 552 2007 601 Geboren te Luik

1797 592 1973 650 Belgie

1653 648 2103 705 den 20 November 1825

1657 761 1942 809 Vader Derk

1649 861 2095 917 voeder Adelaede van

1651 909 1921 954 Boekhoven

1654 960 1814 1008 Godsdienst

1649 1063 1819 1110 Gchuwd te

1647 1164 1713 1213 met

1652 1268 1793 1313 Kinderen

1646 1541 2074 1591 Geboren te Arnhem

1805 1585 2033 1633 Gelderland

1641 1645 2093 1699 den 28 Augustus 1818

1645 1744 2012 1803 Vader Nicolaas

1637 1846 2105 1908 Moeder Louise Leonore

1638 1898 2089 1956 Constantine Henning

1635 1948 1807 1996 Godsdienst

1636 2051 1810 2098 Gchuwd te

1631 2154 1700 2202 met

1634 2256 1776 2304 Kinderen

1630 2529 2075 2579 beboren te Naarden

1694 2578 2074 2628 CNoord: Holland

1625 2630 2116 2685 den 26 February 1823

1625 2729 1956 2781 Vader Pieter

1625 2833 2129 2889 moeder Iacoba Constantie

1619 2883 2098 2937 Kuysten van Hoesen

1625 2932 1796 2980 Godsdienst

1621 3035 2077 3092 behuwd te Oegstgeest

1622 3079 2071 3140 den 1 February 1860

1619 3137 2067 3201 met Anna Elisabeth

1609 3179 2110 3284 Kinderen zaate aangenoem

1671 3307 2082 3363 Res 1 Maart u1 G0eN o

2153 499 2601 553 Revorderd tot 2: Luitenant

2174 538 2514 587 by het 12 Bat Iaf

2163 575 2587 628 Besluet 1814 Juny 1848 i 12

2246 605 2467 655 de M Mant 1049

2175 632 2577 687 overgeplantst bij het t=e

2168 671 2261 721 Bal In

2155 703 2568 757 Biblent 54 9 July 1848 N7

2157 735 2569 801 ovedentavlt by het 6 Rut.

2164 783 2553 839 Beklent 5513 Octbo 1848eN 5

2156 833 2593 922 mets. i van o kart

2144 914 2604 1018 Fomemten K30 ull tig a

2153 1003 2595 1078 Guliet ge et supiten

2160 1085 2583 1139 van Zet 19 Aug 1855 N 67

2122 1121 2603 1173 oneegeplaakst bij het 7 Bat zo

2147 1157 2595 1206 Betluit 4527 Aug s 1856 N 3

2144 1226 2638 1292 Petert 8„, 16 Juny 1857 5 2

2142 1311 2595 1384 twee dug delof naar

2152 1373 2604 1423 Betluit 3515 July 1859

2150 1500 2572 1554 Bevorderd tot 2 Luiten=

2154 1544 2460 1597 bij het 8: 3at Inf

2153 1587 2583 1639 Betlet 1814 Juny 1848 A1a

2216 1626 2565 1677 de 13 Maart 1849 N50

2154 1658 2568 1715 Optergenlaatst bij het 5 Bak s

2149 1700 2563 1753 Betlant 38 11 Maart 1850 N 8

2153 1743 2576 1791 Overgeplaatt, bij het garni

2156 1784 2585 1852 gekend egeng 2 mile

2162 1863 2589 1916 Bevorderd tot s' Luitenant

2160 1895 2590 1949 by het garnezoens Bak n in de

2135 1941 2587 2004 Besluit 33 21 April 1853 N 5

2167 1977 2592 2036 Zelt 24 febr 1854 N 92

2130 2043 2596 2129 derland tet heestel van ge

2144 2120 2582 2171 Bekleut 3e 28 Octb 1856 N1

2139 2483 2571 2533 Bevorderd tot 2 Luiten

2142 2523 2509 2576 by het 8' Bat Inf

2143 2562 2591 2613 Betluet 114 Juny 1848 A s5

2192 2602 2572 2654 en zel 3 Maart 1849 N 50

2117 2642 2562 2694 Overgeplaatst by het 5 Rat

2117 2686 2551 2755 Biblet 1812 Sentbo 1849 N 4

2125 2742 2574 2830 beleng B rangenn pl /

2126 2931 2605 3014 overgeslaatte be he salne

2119 3089 2590 3171 Tee  Me eare

2099 3224 2601 3391 dagen verkaart geeoed

2114 3395 2579 3467 1  lig  arel 1 5

2182 340 3148 401 Datum van aanstelling, on slet welk Schip en van waar naar

2178 402 2601 452 avaacement bij de Korpon

2630 389 3142 444 de Kolonie vertrokken of in het

2641 436 3038 485 Vaderland geretourneerd.

2644 513 3126 573 Wat Sergeant Majaor, en

2632 559 3147 615 uitgevaren als Sergeante met

2631 609 3144 666 tet schip Delft den 29 Augus

2632 658 3137 716 turs 1846 uit Helleroettlins

2888 708 3070 757 Ʀ 6789

2636 1506 3088 1559 was Sergeant Mazoor

2635 1553 3128 1605 uitgevaren als Sergeante

2639 1598 3146 1649 met het schip Admiraal

2635 1645 3148 1695 Ian Evertsen den 11 September

2638 1689 3138 1741 1842 uit het Nieuwe deer

2895 1736 3092 1789 § 6192

3185 343 3734 390 Wanneer en op welke wijzo uit den

3213 391 3729 441 Dienst gegaan, Datum van Pen-

3214 441 3713 488 sioen, Demissie of Overlijden.

3195 699 3721 753 Overledene wegscheid

3200 753 3623 801 gemeente Heerlen

3212 797 3717 849 den 4 Augustus 1860

3196 845 3732 906 zie dood Extruit ingezonden

3198 892 3686 950 by Ents 8/7 1860 N 20

3182 1176 3730 1236 Kems met 2 Jaren verlof als geak

3187 1215 3733 1275 meldt geen 9/19 59 N 110 waarby

3181 1251 3742 1316 Straf a Conduite tyske C pen het schip

3190 1300 3745 1354 Jannetje Parsblaad Eano 1729-

3230 1636 3723 1699 overleden te vianen

3229 1682 3719 1746 J. Provincie Zuid Holland

3224 1730 3680 1791 den 17 July 1859

3197 1790 3710 1863 by Rras 30 Sentt 159 N:11

3211 1838 3611 1893 ¹was met verlot

3382 2470 3406 2517 x

2644 2507 3767 2629 was Sergt Majoor, en als depe Teraet Nederland gune

2641 2552 3161 2602 zoodanig uitgevaren met

2640 2593 3158 2644 het schip Bernard Hertog

3195 2624 3283 2671 1861)

2635 2638 3151 2695 van Saren Weimar den

3209 2649 3736 2702 Overgeplaatst by het 16: But=

2636 2688 3124 2738 11 Juny 1845 rut Helle

3217 2682 3399 2732 Infantere

3208 2712 3686 2764 Belluis 5e 8 Mei 1862 N. 11

2641 2741 2857 2789 voetsluis

2903 2742 3129 2789 N 6582

3201 2748 3740 2798 Odergeplaatst by het 17 But hef

3210 2780 3740 2830 Belleut 7h 27 Augs. 1862 N 23

2668 2777 3136 2836 # Goedgekeurd dat hij eer

2657 2830 3170 2920 Here waarnemingen beheet

2658 2911 3131 2985 Betleut 9e 21 Juny 1858 N 57

2645 2970 3146 3050 stel e gezond heud nuar

2670 3050 3153 3110 Reslut 3924 Aug. 1858 No 32

2661 3112 3161 3196 bovn om änpeling md

2664 3223 3060 3279 van zyne Echtgenuote:

2651 3262 3145 3315 Den 7 October 1860 te Ba

2658 3295 3142 3372 aefe 10pe kop  ze Eas,

2644 3360 3192 3428 Belli 1/2 2ls Norb æ 51h6 136

3200 2832 3766 2894 Al let a7 Maar 186 4 120

3200 2890 3752 2941 Benoemd tot Chif van den

3204 2926 3754 2979 staf van Sumatras Westhun

3202 2961 3758 3015 en onderhoorigheden, zullend

3206 2994 3749 3052 hij als zoodanig bij zijn wapen

3205 3030 3744 3086 worden gevoerd à la suite.

3207 3066 3681 3123 best. 99: 13 Mei 1864, N. o 22.

3199 3117 3752 3178 Bevorderd tot Majoor

3207 3153 3750 3217 bij het Gard: Batailloor

3207 3188 3749 3262 der de bester Afdeeling van

3211 3252 3732 3312 den El 26 Maart 1865, N: 4.

3219 3295 3758 3355 Overgeplaatst bij het Garn:

3208 3329 3763 3387 Bat. de 2 & 0. Afd J. v. Borms

3208 3371 3705 3427 bed 9f. 11 Julij 1866, N. 2.

3951 394 4347 445 Bijzonderheden.

3767 800 4539 884 alet vam ingaflande son tudemæls 20dk

3788 905 4534 961 In bevordering tot Kapitein gepasseert

3786 940 4516 995 bijlage van sid besluit 29 Juny 18859

3780 975 4456 1027 N 4 by Mut staut off Iuny 1859

3960 1208 4413 1257 Voor dezen officier leggen

3955 1264 4377 1324 2 vaorn op det post

3974 1322 4335 1372 kartao artis

3785 1288 3893 1334 N. 1.

3785 1487 4526 1543 Als met veelof zynde en bevorderin,

3790 1521 4477 1577 tot Kapiteie, gepasseerd zeebylage van

3776 1549 4528 1611 teekent 20 Deeb 1857 N 1 by Mut stuut

3779 1585 4181 1648 off December 1857

3780 1624 4553 1693 Als voren bijlagen van Jnd best 19feb 1858

3786 1660 4421 1724 N 3 by Met Stunt off febr 71858

3788 1697 4560 1762 Als voren bylage van beHeed 29 Juny 1858

3785 1729 4419 1794 A 3 by Mut staul off Iuny 1858

3802 1794 4530 1848 Bij besluit van den Gouverneur van

3798 1830 4521 1889 Neere Indee det 21 July 1860 N 5

3797 1877 4538 1928 uertstel veeleend tot 1 January 1861

3796 1913 4519 1965 voor de indiening van de Memorie

3792 1950 4525 2003 van aangifte bij den betrokken ambte

3790 1986 4506 2041 naar te Batavia voor het regt van

3788 2031 4445 2082 successie Enk 917 18 haer 4

3816 2648 4536 2700 Op zijn verzoek eervol-

3812 2713 4553 2761 uit D=r M=r Mil: dienst ont

3818 2775 4547 2825 slagen met behoud van regt-

3821 2840 4158 2888 op pensioen.

3840 2900 4440 2950 bust. Gq. 10 April 1867. No 2.

3796 2970 4540 3033 Toegekend een pennioen: van

3822 3039 4312 3095 Ʀ 2600. = s Jaars.

3805 3087 4424 3157 kent: 57. 6 Junij 1867. N:o 8.

3816 3179 4554 3233 Agno. 11, 354 (d. O, &)8 4 /5 dito. mei 1953

3809 3233 4510 3290 afschrift camboek aan W. Brickel

3812 3282 4182 3344 van Steenbergen.

3787 503 4511 555 In bevordering tot S' Luitenant ge

3777 534 4548 592 passeerd Zeebylage in bestuit 21 April

3768 568 4503 627 1853 N 5 by Mut Staat April 1853

3781 603 4516 659 Als voren zien bijlagen van Ind betbuut van

3786 634 4514 692 8 Augustus 1753 or 3 by Mert staat off

3789 672 4076 728 Augustus 1853

3777 702 4526 786 Ret van orfe laart reboes en 1 Deeb 1053N.16 by

4416 267 4577 318 1329
