5000 3986
3453 1103 3852 1164 Tauspenges:

3935 872 4024 924 1er

3067 1376 4824 1454 fþr Henn Carl Ferdenand Gottliel Christian Greiner,

3062 1499 4935 1593 sekt Afficses der Geundheet 1. ta Hase in Känigl. Holländ¬

3054 1635 4360 1705 Diensten auf Java in Ostindien:

3060 1768 4832 1857 Derselve wurde hiedigen Ortos, za Neusta A V. im

3072 1898 4494 1959 Herpogthum Sax. Weiningen geboren am

3533 2008 4436 2064 13tmn Novembr. anni 1820

3088 2105 4874 2173 Morgens  4 Uhr. Der wohtöbliche Vater desselven est

3109 2235 4900 2293 der Herr Iohann Christian Greener, Schulschrer hier,

3079 2348 4920 2437 selbst; die Mutter, welcke verstorben ist, war Charlotte,

3085 2464 4922 2540 eine geborene Wiegand von Altenfeld, Enegattin des lety„

3080 2587 4900 2678 teren. Die heilige Taufi ihres Johnes fand statt den

3097 2706 4942 2803 23de Novem. gjusdemanni Husfudtlags en sispgen Konse¬

3095 2837 4829 2926 in Gegenwart von 6 Taufjeugen, und warde Turch den

3084 2959 4520 3036 weland Herrn Garrer Schaffner vollpogen.

3157 3092 4781 3183 Solches beglaubigt auf Grand des Kirchenbuches

3518 3307 4469 3361 Neustadt, den 1=ten Juni 1861

3497 3490 4771 3565 Dos Herseglicke Ifarramt dasellst.

3745 3639 4735 3705 Ede skulder, partor enden bth.
