5000 3626
541 177 670 224 628.

718 330 1368 382 Namen en Soenamen.

574 438 1492 487 Den 12 February 18846 het onderscheiding

578 474 1503 528 teeken voor langdierigen Nedeel dienst als offe

581 517 1499 569 cer toegekend 1 zee sut staat off Maart 188461

1461 561 1476 606 1

564 605 1524 706 d ee e e e e en veene ee en va

704 706 762 755 6.

658 711 676 756 3

583 796 1413 884 Overleden te Macassar

713 846 1210 906 den 26 Mei 1855

567 920 1500 1007 „door een zyne bedienden verraderlyk vermoord)

621 1024 1222 1087 van der Hart

643 1105 1497 1182 Redder der 4 Klasse van de militai

657 1162 1121 1228 re Willems order

630 1206 1427 1286 Besluit 2 M 16 Septb 1834 N 6i

704 1263 1368 1330 Voor den Oorlog op Sumutra

562 1318 1503 1397 o de 0 les or ume ins Bisl te t 14 Auy 130 N. 8 130

1020 1674 1101 1732 1

587 1740 1341 1800 Met sz: 3 Kw 1830/ Nicolaas Wilhelmus

619 1946 1009 1996 Forsten

649 2673 826 2720 6.

1008 2673 1098 2720 3:

936 2673 959 2718 1

602 2948 1114 3007 Hottrop

772 687 1536 816 denzenden  e e kon

457 656 522 722 17

1535 253 2018 306 Datum van Geboorte, Namen

1567 300 2010 356 der Ouders, Gehuwd met of

1563 350 1859 405 zonder Kinderen.

1534 453 1885 524 Oeboren te Ratterden

1498 574 2015 818 den e e e e

1535 884 1722 931 Godsdienst.

1668 685 1999 893 das 3 July 1856 N 2

1533 987 1711 1036 Ochuwd to

1528 1022 2001 1093 Truwelijk Eeegustaen na 10 40 N5 5

1535 1082 2005 1136 met Mejufvrouw A. C. E. Mechiels

1957 945 2017 991 Betl

1519 1150 2039 1232 de e ee e e en n

1514 1263 2026 1354 veme e e ete e

1535 1462 2027 1513 Ceboren to (Volyens Met S. 3 ho

1722 1498 1911 1545 te Batavia

1972 1489 2010 1536 1830

1533 1571 1607 1618 den

1536 1671 1633 1716 Vader

1534 1773 1647 1818 Moeder

1534 1873 1699 1923 Godsdienst

1492 1975 1969 2027 op behuwd te Overleden

1522 2020 1976 2071 Lie mut St Augustus 1330)

1528 2081 1604 2131 met

1530 2184 1681 2230 Kinderen

1533 2454 1706 2501 Geboren te

1528 2556 1585 2603 den

1544 2657 1628 2703 Vader

1535 2759 1648 2806 Moeder

1533 2859 1689 2907 Godsdienst

1531 2962 1687 3010 Gchuwd te

1522 3068 1585 3117 met

1522 3170 1668 3217 Kinderen

2038 458 2416 511 2 L: 5 Reg: art

2040 527 2460 580 Ben: Ind: 22 Aug 1826 1621

2059 587 2453 636 „ zon 13 mei 1827„ 151

2064 268 2510 317 Datum van aanstelling, en

2059 318 2511 367 avancement bij de Korpsen.

2047 653 2369 712 2 D:o 19 afd Ink

2043 713 2502 774 Besl. Ind 31 Deeb 1827 B 8 f9

2073 753 2501 811 „ zn 6 Sept 1828 „ 683

2003 814 2498 868 ¹ Bij Organisatie by het

2053 855 2498 906 1 Bat Inf als 2 Zuit

2053 898 2494 953 Aett Ind' 4 Feeb 1830 N. 1

2043 939 2465 990 zet 16 maart 1832 N 94

2055 1000 2504 1049 Op Non activiteit gesteld

2064 1039 2508 1089 Besl Ind 23 January 1833 N 1

2066 1072 2500 1125 „ Zell 18 Juny 1834 N 48

2052 1112 2496 1174 gesti kadbel æn Lett för

2064 1173 2509 1224 Besl Ind 3 april 1833 Ns

2076 1209 2512 1257 „ 2 M 10 July 1834 N 45

2047 1256 2516 1314 Ps 2. Iude 26 Jan uren 176 e

2073 1313 2488 1371 zett 2 Mei: 1835 N 91

2198 1346 2295 1394 #

2036 1457 2416 1509 2 L: 5 Reg: art

2044 1513 2449 1570 Ben Ind: 22 Aug 1826. 621

2055 1572 2445 1627 „ 2m 13 mei 1827. 151

2038 2448 2420 2502 2 D:t Reg: art

2040 2505 2451 2565 Berl Ind: 22 Aug 126. 621

2052 2573 2430 2629 „ 2m. 13 mei 127„ 151.

2039 2635 2378 2683 D L:o 19 afd Inf.

2035 2687 2506 2740 Berl Ind: 31 Deeb 1827 N6 849

2060 2730 2489 2780 „ zn 6 Sept 1828 „ 68

2040 2779 2478 2832 By Organisatie by het

2048 2820 2491 2870 algem: depot als 2' Zuit

2043 2857 2493 2912 Retl Ind' 4 deel 1830 N1

2049 2889 2499 2948 „ Zel 16 Maart 1852, N 94

2043 2945 2470 3000 Overgeplaatst als 2 Zuit

2053 2977 2246 3025 by t 3 Bas

2050 3006 2499 3059 Besl: Ind 14 Septbr 1832 No

2072 3042 2447 3092 „ ZM 11 Mei 1833 N 27

1988 3171 2522 3280 de e e e e e e

2201 3305 2284 3355 A

2556 251 3090 302 et welk Schip en van waar naar

2568 301 3092 352 de Kolonie vertrokken of in het

2577 348 2987 398 Vaderland geresourneerd.

2583 476 3081 527 was eleve op de milit.

2600 555 3078 604 school te Samarano

2655 622 3051 674 Heeft in Indie zyn

2656 662 3065 712 militaire loapbaan be

2649 698 2766 750 gonnen

2656 727 3082 777 zee mut st off Ianuarij 1833

2744 864 2845 914 #

2543 1038 3114 1333 t  e  t Ma Semti

2612 1463 3102 1512 was eleve op de milit

2614 1541 3091 1592 School te Samarang

3129 257 3679 309 Wanneer en op welke wijze uit den

3156 307 3672 357 Dienst gegaan, Datum van Pen-

3158 354 3653 404 sioen, Demissie of Overlijden.

3119 1720 3754 1772 Everleden te Soerabayar

3109 1801 3640 1857 den 18 Augustess 1830

3126 1879 3202 1925 XX

2617 2457 3097 2510 was eleve op de mil

2628 2518 3097 2569 School te Samarang

2546 2693 3068 2776 Bedelen de dt vallen by h. t

2513 2910 3084 3012 ven e e e e e

3108 460 3684 571 Insruteree t sungel deroert

3086 1252 3694 1339 en on entelgheden bij het begjn gevoend

3110 975 3542 1028 Beslent 75 11 Maart 1848 N 13

3091 1044 3695 1149 d e e emnen e

3078 657 3702 902 Bekent e tf 7 agtde zan

3900 314 4300 365 Bijzonderheden.

3699 1041 4441 1133 militaire bewezingen een opstand oor

3737 1126 4362 1194 Zee maands veelling over Febrr ustig;

3693 1194 4463 1301 Bor de Expedetue br en Wisthätts mätä

4415 190 4545 240 628

3748 480 4379 527 op Nonactivitait gesteld

3758 523 4402 573 Betl Ind: 23 January 1833 N s

3846 571 4399 620 wede geplaatst bij 't 7 Rat=n

3711 626 4461 678 Eervolle vermelding bij afzonderlyke

3741 663 4464 722 dagorde zoo in Indie, als in Neder

3746 702 4453 763 land voor den oorlog op sum Wk

3761 751 4416 805 Besluit zek 8 Mei 11738 N 72

3848 793 4441 845 Res 2 Juny — N 15 /268

3723 842 4457 897 Nader Extract Stambaek in de partificille

3721 882 4137 931 van benoemde Redders

3719 914 4245 970 Res 21 Augustus 1839 N 17

3712 954 4454 1011 Afschrift van als voren in doos Extract Stamboeken

3707 988 4417 1040 van benoemde Redders Ech 22 Iunij 1842 N 42

3682 1313 4546 1405 t e de en l one en e en

3133 2562 3659 2623 ¹uit zetk militaire

3124 2616 3612 2670 dienst Ontslagen

3113 2663 3681 2718 Besluit No 5e 12 January 1842

3141 2690 3672 2754 zel 21 Doeb 1842 & N 7
