5000 3813
581 342 758 396 1382

635 492 1329 552 NAMEN EN TOENAME N.

643 860 1338 915 Herman Johan

542 1158 1627 1230 Van Mommestein aatwat de

1474 1264 1530 1311 met

1478 1363 1603 1410 Kinderen

1486 1612 1915 1665 beboren te Alkmaar

1630 1650 1937 1709 Noord Holland)

1485 1717 1906 1769 den 14 December 1822

1491 1820 1977 1871 Vader Antonius Theodorus,

1491 1919 1979 1972 Moeder Catharina Elizabeth

1496 1973 1768 2027 Tundelach

1491 2023 1647 2073 Godsdienst

1494 2126 1649 2178 Gchuwd le

1494 2232 1553 2281 met

1497 2333 1626 2382 Kinderen

1499 2588 1866 2638 beboren te Brielle

1723 2628 1984 2676 Zuid Holland

1501 2691 1974 2740 den 31 October 1814

1507 2791 1981 2841 Vader Iohan Wilhelm

1505 2896 1964 2944 moeder Engelina Pieters

1509 2997 1658 3046 Godsdienst

1514 3096 1964 3148 bchuwd te Bergen op koom

1531 3135 1959 3194 den 9 November 1865

1520 3184 1984 3246 mei Clara Hendrika Somnma

1519 3237 2013 3290 mamnck belvenher Mil. Will

1509 3277 1974 3350 Kinderen zen. 9 Dec:. 1865, No 36.

2007 1810 2458 1868 Bevorderd tot s' Leitenaat

2031 1837 2451 1901 by het 4 Bat Infantere

2013 1866 2465 1940 Bekleer E Denn 1155 1

2008 1927 2460 1987 Overgeplaatst by het 2 Bak 3

2005 1957 2458 2023 Besleut 44 27 Aug=s 1856 N 3

2000 2005 2470 2086 het 2 Buks geworde ht g

2020 2520 2463 2578 2 Luitenant bij de 10 afd Iul

2021 2563 2459 2615 Besluit 2 M 10 Septb 1836 N 23

2043 2606 2454 2656 In zynen lang en ancunne

2022 2643 2457 2699 teit overgeplaatst bij het wapen

2018 2683 2454 2740 der Infanterie van het leger in

2020 2724 2459 2772 Oost Indie, met bepaling dat hy n

2025 2760 2460 2811 tie gewesten minstens twaalf Par

2025 2797 2455 2846 zal moeten dienen alvorens or

2033 2831 2452 2881 pensioen aanspraak te kunnen

2036 2864 2462 2915 maken, het geval van ziels on

2033 2897 2446 2950 legehaams gebreken alleen

2009 2950 2464 3011 Besluit Zek 18 October 1849 N 89.

2022 2999 2465 3057 Geplaatst bij het 15 Rad Inp

2027 3033 2467 3087 BeMluit 5515 Aug s 1850 N o

2028 3072 2463 3129 Bevonderd tot S' Luitenantt

2024 3133 2462 3199 Beklent 44 19 Sentb 1850 6

2027 3241 2493 3319 hhet him tet 1s Norb 1854

2005 3311 2459 3384 Ry reorganisatie 1 Noob 1

2001 3380 2497 3447 Bakn in de 1e misit atsullens,

1322 2535 1458 2584 ap 12

636 1837 1039 1890 Johannes

627 2803 1325 2857 Johan Hendrik

623 2140 1207 2190 Habeen

782 3094 1378 3144 Ponleben

623 3151 1468 3208 Dat 29 October 1852 het onderscheidings

616 3189 1468 3259 teeken naar langdurige Nedeel dienst als

609 3229 1463 3299 officier daegekend (zee meer staat officiie,

610 3276 864 3335 No.6 1852)

603 3306 1428 3373 Benoemd tot Ridder der 4 Klasse van de

602 3340 1478 3439 gen in de Westerafdeelide van Boider in gerent

598 3432 1545 3504 Reslens zell 21 Octb 1854 N 103 Res 24 Octb 1854 N 5/ 8 66

565 2552 676 2602 deze

567 2595 1463 2652 ageert, in de afscaling den koe

806 2656 822 2701 1

612 2659 656 2709 1

1163 2662 1191 2707 1

539 1568 975 1631 Inf op Enk /7- 60 No 23

544 1614 1068 1684 P. 3 30 Maart 1860, N. 374.

1462 414 1947 467 Datum van Geboorte, Namen

1494 462 1945 516 der Ouders, Gehuwd, met

1498 514 1824 564 of zonder Kinderen.

1466 649 1891 699 Reboren te Samarang

1461 751 1883 799 den 14 November 1831

1466 853 1793 901 Vader Herman

1467 952 1952 1003 Moeder Catharina Johanna

1476 1001 1763 1054 van Braam

1470 1056 1620 1105 Godsdienst

1983 585 2432 636 Bevorderd tot 2 Luitenant

1985 624 2418 679 bij het 5 Rut=r Infanterie

1980 667 2418 728 Rellvd e 28 Febul 18 e s.

1979 721 2417 780 overgeplaatst by het 12: ent:

1974 764 2396 827 Besluit 2e 10 July 1851 Ni4

2010 433 2431 486 Datum van aanstelling en

1995 487 2444 540 avancement bij de Korpen.

1999 1556 2446 1609 Bevorderd tot 2 Luitenant

2008 1599 2446 1656 by het 10 Nut= Infanterie

1996 1634 2452 1696 Besluit 9e26 Maart 1850 H6

2052 1665 2423 1725 Zelt 26 Maart 1851 N 1

1998 1719 2467 1793 zeen wat het ele in verckeat

1976 2136 2468 2318 dn eine e e

2493 402 3038 470 Met welk Schip, en van waar naar

2526 449 3028 517 de Kolonie vertrokken of in het

2534 494 2917 557 Vaderland geretourneerd.

2557 577 3014 646 Heeft in 1846 zijn mili

2535 618 3003 692 taere loopbaan in Oost

2533 664 2972 740 Indie begonnen zee

2524 713 2951 783 Oost Ind Stambeek 2

2539 768 2748 830 N 2894.

2549 1546 3037 1597 was Sergeant, uitge

2522 1590 3023 1644 varen, als soldaat met

2517 1635 3042 1690 het schip Prins van Oranje

2520 1679 3050 1730 den 27 November 1841

2526 1723 3027 1774 uit Hellevaelslens T 6017

2687 1764 2733 1814 x

2526 1805 3025 1861 6 zeegenlaatst by het 2 Bak

2523 1859 3022 1912 Wetlent 42 28 Deeb 1860 N 35

2513 1922 3036 2000 iamuko skel Mante ben nm

2514 2021 3037 2072 twee gewlaalst by het 13 Bok het

2516 2051 3010 2104 Betleet 7e 31 July 18862 N 8

2525 2514 3022 2572 uitgevaren met het

2521 2559 3040 2619 schip Plevo den 21 Maart

2514 2600 3036 2664 1850, uit het Nieuwe diers

2520 2641 3029 2707 Aangekomen te Batavia

2527 2693 2890 2750 den 19 July 1850

2512 2745 3039 2800 Wovergeplaatst by het 7 Beet

2514 2803 3032 2860 Belleit 7en 20 Maart 1861 N 5

2514 2844 3024 2900 Bevorderd tot Muzoor bij

2518 2879 2985 2933 het 17 Baks infanteere

2516 2915 3028 2972 Besleit 9e 22 Maart 1861 N 1

2519 2951 3034 3009 Oseerplaatst bij het 12 Ra

2526 3015 3043 3088 Bekeuel dyt Awael a84eet 7

2510 3114 3073 3240 Rgten f door do net kae

2519 3295 3049 3371 Zoid zeerladen Vijf naar Neder

2534 3356 2995 3411 bu dek. 18 Dec=r 1864. N. o 7.

3084 1305 3615 1367 Blykens Carlement 10 Se

3085 1377 3600 1436 3 Sept 38 te Januuang

3082 1680 3625 1733 Op zijn verzoek eer

3086 1733 3620 1784 vol uit d. M. militaire

3082 1782 3616 1830 dienst antslagen met

3084 1827 3627 1876 behoud van regt op pen.

3080 1869 3221 1917 siven

3082 1897 3623 1961 besl: lf. 9 Maart 1863. N o. 7.

3093 2544 3574 2609 Komt met 27 verles als zich

3093 2575 3612 2641 meldt ven Ect 2/20 65 dr 51

3090 2625 3576 2684 waart steef a londe lysten

3079 2686 3637 2742 Bij Zet: besluit det 22 Ze

3081 2730 3640 2788 cember 1866, N. o 103 op het

3083 2782 3630 2831 daartoe door hem gedaan

3084 2824 3640 2874 verzoek, met ingang Jm

3088 2868 3641 2922 den 1 Januarij 1867. eervol

3081 2911 3644 2970 uit d M:r Mil: diemst ont

3082 2961 3632 3019 slagen met toekenning

3081 3006 3620 3062 ter zake van langdarige

3079 3052 3626 3106 dienst van een pensioen

3077 3103 3512 3153 van  2600, - 3 Js.

3165 3147 3600 3205 enh: 7/27. 66, No 39.

3841 1304 3861 1349 3

3672 1369 3912 1416 overleden

3665 3333 3978 3384 was by de affaie

3675 3364 4042 3420 vet die ufuwre

4226 292 4417 342 1382

3813 446 4240 498 Bijzonderheden.

3661 2515 4416 2569 Eervalle vermelding zoo in, Indie

3671 2557 4399 2615 als in Nederland, voor de krijgs

3664 2607 4418 2684 Rebleut zett 19 Julij 1754 e 00

3683 2691 4296 2752 Res 22 July 1851 N 7 1541

3695 2752 4435 2804 Een verbeterd Intract Stamboek naar

3679 2784 4427 2836 67 gezonden waar in op de gedane reelame

3640 2858 4421 2967 de tweede Expecutie geanneeerd te diervan

3671 2984 4437 3059 n Cedret brief 3 Augustus 1855 N 53 08 6  185- 148

3675 3048 4416 3109 Eervalle vermelding zoo in Nederland

3674 3096 4416 3147 als in Indee voor onderscheiding by de

3675 3130 4408 3184 Krygs verrigtingen op Timor / Inkoop

3677 3166 4398 3222 en Ledok / in Augustus en September

3654 3198 4408 3260 1857 BMuil zek 17 febr 11153 N 84

3885 3230 4445 3294 des 24 february 1858 N 23728

3071 1969 3627 2027 Toegekend een pensivaan

3064 2017 3634 2080 van  1600. - s Jaars, be

3074 2064 3617 2121 totalhaar te Salatiga

3068 2111 3617 2169 bedl: Gl. 27 Mai 1863, No 5.

3073 2152 3636 2217 Zie Meet: staat van Junij 1863/

3052 400 3610 446 Wanneer en op welke wijze uit de

3096 445 3609 494 Dienst gegaan, Datum van Pen-

3095 493 3583 540 sioen, Demissie of Overlijden.

3045 821 3614 869 Overleden te Velantvengan

3082 881 3571 933 den 31 Augustus 1851

3043 924 3616 978 Zee met R: off seotember 1851)

3639 565 4416 618 Ry acte van acquit dit 26 September

3645 600 4424 661 1851, de Kommissarissen in den boedel

3638 645 4425 703 gedechargeerd van alle verdere bemoeijte

3637 681 4402 734 zagen nit in de nalatentchap door den

3645 716 4410 771 nader van den overledenen den Heer H

3652 754 4410 811 van Blommerstein gepentioneerd

3662 793 4402 849 Kapiteen der zee, welke volgens de

3656 830 4418 898 Het erfgenaam is van deszelfs zoon,

3673 881 4420 945 Zeeboedel Staat Eat 12/6 1852 N 20
