5000 3778
500 264 677 320 968

634 459 1278 509 Namen en Soenamen.

602 806 1056 854 Perardus

1437 700 1875 752 den 13 April 1818

1438 809 1890 857 vader Franciscus

1439 906 1839 956 Moeder Maria. . .

1444 1007 1609 1054 Godsdienst

487 1104 1886 1156 Van Peersen opbehuwden Overleden

1437 1148 1902 1198 Zie Mut: Ht: off Norb 1836

1439 1206 1510 1254 met

1443 1308 1590 1354 Kinderen

1440 1578 1878 1632 beboren te Haarlem

1439 1685 1913 1735 den 16 Augustus 1813

1440 1785 1758 1839 Vader Isaak

1443 1884 1898 1937 moeder Petronella van

1452 1935 1671 1982 Keulen

1441 1985 1618 2036 Godsdienst

1435 2087 1605 2134 Gchuwd to

1436 2190 1503 2237 met

1436 2290 1578 2338 Kinderen

1436 2560 1898 2614 bevoren te Magelang

1430 2662 1503 2709 den

1438 2760 1535 2805 Vader

1435 2961 1589 3010 Godsdienst

1431 3169 1492 3216 met

1435 3266 1567 3314 Kinderen

506 1517 1378 1582 Heeft zich onderscheiden by de Exseditie

509 1560 1378 1623 tegen Balie in Iuny usdie zeebylagen in

505 1600 1057 1664 Red 30 October urturx 20

1026 1629 1399 1678 scke Expedelie en derdele

543 1642 684 1698 Alsve

954 1673 1399 1724 Komt Een 8½2r nestig to

528 1782 1221 1832 Jan Willem

497 2166 1332 2223 Redder der militaire Willems orde

537 2211 1299 2271 4 Klasse: voor de Balische Expeditie

524 2252 1277 2316 Beslent zek 11 December 18419 N 44

539 2298 1198 2356 Res 21 December 1849 N 16 7919

523 2328 1384 2390 Den 27 October 1850 het onderscheidings teeken

529 2364 1390 2423 voor langdurige Aederl dienst als officier koeget

542 2400 1245 2461 zee mus staat off: December 1851

491 2761 1231 2813 Michel Seorg

468 3065 1592 3114 ven Vinegendeegh oedwad 10

413 2078 1378 2133 Ralubnata.

1441 380 1918 434 Datum van Geboorte, Namen

1474 427 1913 483 der Ouders, Gehuwd met of

1468 479 1762 533 zonder Kinderen.

1436 597 1908 653 beboren te S Gravenhage

1965 397 2382 450 Datum van aanstelling, on

1963 448 2396 501 avancement bij de Korpson.

1950 1526 2380 1579 Benoemd tot 2' Zuit

1950 1573 2365 1624 bij het Bat: Jagers N 9

1949 1612 2386 1664 Besl: Ind: 23 Novb 1836 A 15

1947 1660 2383 1725 =Renorderd tot s' Luitenant

1990 1698 2352 1750 het 9 Bak Jnfanteee

1944 1731 2389 1794 Besluit &49 february 1840 No

2313 1761 2390 1812 N. 38

1946 1809 2398 1890 Pelent 8   Brn bon

1948 1922 2387 1971 overgeplaatst bij het 7 Best pof

1942 1951 2394 2003 Betluut N=o 397 April 1842 N 42

2012 1984 2376 2034 Fetl 20 Junij 1043 N. 47

1927 2017 2422 2102 Betlenut 326 Augustus .

1930 2109 2385 2176 het 2: Ral Fn k piteen by

1960 2180 2366 2229 2 M 11 April 1847 N 40

1940 2213 2381 2262 Onergenlaalts bij het 3. Rat pnt

1938 2285 2403 2364 overgesdaalte zin e arnelens

1929 2402 2424 2493 De e en e e e e

1943 2503 2370 2558 Benoemd tot 2' Luct

1947 2543 2390 2601 bij het regt Huzaren N7

1935 2581 2390 2641 Besl: Ind: 23 Novb 1836 N 15

2049 2621 2374 2672 zek 7 Octb 1837 N 92

1922 2693 2416 2801 den en e i ene e

1929 2949 2429 3042 Ci ni D. Apon Rugs Coer19

1921 3167 2409 3237 der lyfwacht van den Tultun„

1932 3258 2394 3312 Besluet 3 321 Maart 1845 N 4

1957 546 2397 600 Benoemd tot 2 Zuit

1954 586 2399 645 by het 3 Bat=n Infanterie

1951 625 2400 676 Besle Ind: 23 ottorb 1836

2013 656 2390 709 ZeM 7 Octb 1837 1892. N 15

2441 377 2957 434 met welk Schip en van waar naar

2459 425 2963 484 de kolonie vertrokken of in het

2465 474 2857 527 Vaderland geretourneerd.

2474 552 2955 613 Heeft zyn militaire

2457 597 2875 661 loopbaan in Indee

2458 641 2812 703 begonnen in 1833

2486 685 2970 742 zie O'I Stamb D N 79

2458 741 2932 800 (was Kadit Sergeant

3005 377 3551 426 Wanneer en op welke wijze uit den

3030 425 3545 476 Dienst gegaan, Datum van Pen-

3028 473 3528 523 sioen, Demissie of Overlijden.

2978 884 3547 942 Overleden te Wel

2994 946 3292 1000 ¹tevreden

2973 1009 3554 1062 den 25 November 1836

2476 1530 2959 1579 Was Sergeant Mazoor

2454 1577 3545 1629 uitgevaren als Korperaal- op zyn verzoek eervol

2456 1616 3549 1675 met het schip Macasser eert zetl Militaire dienst

3001 1654 3549 1705 ontslagen, met behoudvan

2457 1673 2954 1721 den 4 Mei 1835 uit

3005 1691 3523 1748 regt op pentioen t

2457 1720 2955 1772 Vlissingen zee s 4766

2997 1733 3557 1787 Retleet 49 15. Juny 1857 N 21

3056 1768 3521 1821 eM 9 Dict 1858 N29

2987 1842 3544 1902 penleoen verleend van

2993 1877 3541 1945 Ʀ8400 Iaars betaalbaar

2431 1803 3583 1969 mel hes inlenuen komn en heteleken ele dienst een

2995 1929 3399 1983 te soerabaya Ils

2987 1967 3558 2022 Betlert Gl24 July 18757 N 48

2440 2002 2974 2076 tighet 3 Atermant kolen

3013 2004 3511 2057 . . . 2eM 4 febr 71859 es 79

2493 2515 2946 2565 Heeft zyn militaire

2469 2556 2967 2612 looobaan en Indie begon

2468 2602 2981 2658 nen zie C I Stamb A4 N 285

2467 2646 2947 2707 was Krdet wachtmeester

2450 3188 2935 3246 Ois om nader opgaan of

2451 3222 2960 3286 hij al of niet van het leger

2457 3299 2975 3376 den 27 Decb 1845 N 10 /1865

2468 3345 2967 3409 dee Antwoord uit 43 det 2 Muag

2455 3379 2984 3452 1846 N 874½7 bylege i Bes 26 Zer

3004 2681 3540 2734 Ten gevolge zyne benae

2997 2730 3532 2783 ming tot Kommandante

2989 2781 3556 2836 der Lyfwackt des Subtant

2989 2823 3535 2884 le Djoizocarta by beslunte

2988 2875 3514 2930 dat 21 Maart 1845 N4,

2990 2921 3555 2979 beschouwd als definitief

2993 2964 3552 3023 van het Indisch leger af

2981 3019 3311 3073 gevoerd te zijn,

2967 3056 3568 3117 Betlet 12 Augustus 1846

3057 3095 3528 3147 zel20 July 1867 N 66 N 7

3008 3409 3224 3456 y 1847 Nb 13

3771 423 4165 470 Bijzonderheden.

4190 264 4375 323 968

3610 1529 4354 1580 Een verbeeterd Extract Stomboek

3596 1572 4362 1623 betrekkelyk de dienst by het Mobeele

3593 1613 4327 1665 leger tydens den ovstand en Belgee

3592 1640 4333 1704 en 1834, naar 67 gezonden waar

3597 1680 4313 1743 van het dubbeld is geannexeerd

3597 1713 4333 1782 aan dat inde portificille va

3598 1760 4361 1819 offecier n zaten op fo 997 gedeponeerd

3608 1801 4318 1859 Seuret breef 7 July 1853 N 55 on

3619 1845 4033 1899 Eat 5/23 1853 N 35

3599 1885 4347 1954 t2. conporen, besluit en bylagen teyde

3661 1920 4207 1983 miet et off Juny 18757

3606 1991 4370 2059 tot Conforme besluut en bylaien by de

3658 2033 4249 2093 Mut Aant off July 1857

3597 2173 4377 2226 Riddekruijt klasje aan den Kan

3593 2220 4357 2273 gezonden. (overleden te Salatina

3774 2273 4320 2323 579 -85 no 101 Ag 4023

4061 2325 4344 2373 ma fo 283.

3587 2381 4323 2450 voor de ontvangs der decorntie

3611 2513 4347 2566 Belluis van benoeming tot kom

3582 2562 4344 2650 Sullo, van Isoepaiaita dit 2i

3600 2625 4349 2689 Maart 1745 N 4 en bylager in de

3606 2666 4268 2731 Meel staat off Maart 1845

3619 2729 4347 2788 Het Militair de partem in 87 ver

3606 2766 4352 2828 meend dat hem het regt op pensioen

3584 2815 4357 2900 betwest zie stgens 44 ko 3olud

3595 2869 4310 2943 guldens ees 46 N 37417 als bylagen in

3618 2920 4223 2978 Res 26 Augustus 1847 N 13

4401 2173 4515 2221 dien
