5000 3862
634 399 743 446 356

791 892 1084 941 Christiaan

729 1091 1204 1145 Htoffman

753 1853 1106 1902 Pieter Ulrich

741 2065 1222 2115 Van Huben

775 547 1407 597 Namen en Soenamen.

620 2590 1542 2659 het dragen van het versiersel als rommandeer der

632 2665 1509 2720 Naarwegen geschonken Res 21 Novb 1848s N 46 Ʀ697

882 2702 1522 2756 O7 Panjus nonens dezerhijds niet

629 2763 703 2813 rag

833 2765 1533 2818 & genuale Stoek, en van daar aanvragen zal

708 2832 1355 2883 Isaac Afarnise van 67 beklent van

1393 2838 1535 2886 5ana greta

998 2870 1246 2918 Ent 10/27 51 0l 62

1580 477 2080 525 Datum van Gehooorte, Namen

1608 524 2078 573 der Ouders, Gohuwd met ol

1605 570 1892 621 zonder Kinderen.

1591 690 2024 744 Ooboren 10. Westbroek

1586 792 1942 844 den 15 Octobr: 1737.

1593 896 2030 947 Vader Johan Valenbijn,

1589 989 2181 1050 moeder Donothia Chuisenaar

1595 1106 1769 1153 Godsdiense

1598 1209 1760 1256 Gchuwd to

1590 1314 1659 1360 met

1592 1414 1748 1460 Rinderen.

1589 1657 2039 1712 Oeboren te Zwartsluijs

1582 1763 1900 1814 den 4 Sept: 1788

1585 1865 1969 1917 Vader Peter Ulrich

1583 1959 2101 2020 Moeder Maria Schreuder

1586 2076 1770 2123 Godsdiense

1587 2178 1950 2223 Ochuwd to Bataria

1582 2277 2135 2327 met Louisa Amalia van Aen

1582 2382 1748 2429 Kinderen

1587 2642 1983 2691 bevoren te Schiedam

1579 2745 1944 2793 den 30 Janua: 1794

1575 2847 2019 2896 Vader Petrus Marinus

613 2910 815 2963 645 o 19 d„

630 3040 1763 3097 Penning Nieuwland( oode dienst

666 3109 1517 3159 Ridder der orde van den Neder

675 3163 1085 3214 landsche Leeuw

625 3216 1398 3267 Besluit zet 27 Maart 1838 N. 49

632 3257 1277 3306 des 7 April 1838 N 10 f148

1572 3251 2356 3305 met Anna Margara Fredr Rendorffs

602 3304 1533 3380 Heor langeluren deratt all offrent täpkind

1566 3286 1978 3338 geboren 10 february 1793

1585 3322 1961 3375 zie Een stig 1853 N 6

1572 3359 1740 3405 Kinderen

613 3423 1534 3515 Lueremberg vanden 23 Maart 184s beneemd tot

706 3496 1682 3567 Res 4 April 1848 N 15 in Res 29 Mei 1848 N N 295 H

386 3202 441 3250 Mes

377 3243 456 3290 gedee

373 3281 390 3326 6

478 2865 577 2917 de ke

452 2909 577 2958 31 Mlei

390 2962 515 3013 1e

522 3028 546 3075 .

2127 493 2543 542 Datum van aanstolling, on

2110 550 2563 602 avancement hij do Korpsen.

2091 654 2558 704 2=e Lieutenant 19 Bak„

2101 704 2481 760 Bet. 9 Mei 1819 Ho 3.

2121 1606 2484 1670 S. Lieutenant

2086 1671 2491 1725 Bes6: 20 Maart 1816 N:o 1.

2305 1716 2497 1766 18 Regimt.

2064 1763 2549 1816 Plaatsmajer te Welte Vreder

2042 1800 2470 1859 Kapitn. Plaats Major

2083 1843 2478 1900 Bolt: 20 7br 1822 No 121.

2075 2601 2522 2661 S: Lieul: der Axtiller

2072 2665 2491 2718 Best: 26 Julij 1819. La6.

2108 2721 2495 2772 5 Regimt. Artillerie

2054 2765 2514 2821 Kasilein. in Ind: ao: 1820

2015 2810 2453 2860 Kapitn. by de Constructie

2163 2855 2448 2901 te Soúrabaija.

1573 2907 2503 2998 Moeder ch Wilh=r van Aalst. in de Communis mande tee

2075 2991 2541 3047 majoor onder dirct

2073 3031 2469 3091 3egr: milit afd

2073 3064 2530 3137 Best. Ind 10 april 1828 824

2149 3103 2530 3160 Im 14 Jan 1829 „ 30

2091 3148 2530 3199 Bevorderd tot Luit Kolonel

1576 3161 1985 3223 Cnaam oekje 123

2045 3190 2533 3256 3 le gesteneen de veme en

2211 3275 2534 3334 He: 2 eb 11 Me 1833 N

2053 3354 2573 3563 1: n Jnd: 18 Mei vaaen rs

2599 468 3153 522 Met welk Schip en van waar naar

2626 516 3149 569 de Kolonie vertrokken of in het

2631 564 3031 613 Vaderland geretourneerd.

2614 648 3109 706 met de Jan en Cornelis

2666 698 3150 754 den 8 Aug 1819 uit Texel

3174 470 3745 520 Wanneer en op welke wijze uit den

3194 518 3742 569 Dienst gegaan, Datum van Pen-

3194 565 3675 616 sioen, Demissie of Overlijden.

3330 974 3553 1031 overleden

3556 1000 3819 1049 Sourabaija

3165 1030 4247 1086 in  Hapitaal te Sempang op Pava Cverand: 16 april 1829)

3176 1102 3730 1154 den 24 Augusti: 1820.

3192 1885 3653 1939 Overleden (e Batavia.

3390 1939 3463 1985 den

3241 1997 3626 2046 12 Februarij 1824.

3165 2615 3740 2684 de enine gea

3167 2713 3731 2761 Besluit Ind: 14 April 1836 N 2

3233 2746 3710 2797 Zell 26 January 1837 N 92

3170 2783 3731 2843 Bevorderd Gemanehoved en chef

3160 2849 3737 2957 de se e e e e e

3169 2943 3728 3001 vuileend op een traktement van

3170 2978 3323 3034 Ʀ 4500 „

3166 3008 3673 3065 Betleul 343 Norb 1846 N 5

3173 3053 3727 3108 Benoemd tot Gereciaal Mazaor

3176 3085 3721 3143 tetelair met bepaling dat hij

3156 3134 3734 3209 der Gemeulen staf by het leger

3164 3295 3747 3385 Bebrckking oreingeinonny te las 8 /0 10 4 r

3182 3418 3721 3489 den den 8 rmuin vor 173

3377 3482 3451 3531 op

2697 1616 3004 1665 met 6 Auguste

2604 1672 3099 1719 den 13 Novemb. 1819 uit Texel.

2655 2598 3092 2653 met de Ida Aleida

2620 2649 3114 2701 den 10 Octob: 1819 uit Taxeb.

2591 2712 3165 2812 t e tn o e    a 1 d

2594 2821 2977 2873 Keert van Verlof

2615 2870 3125 2927 naar Oost Indie te rug met

2612 2916 3135 2971 het Schip Schoon verbond

2613 2959 3114 3010 den 25 October 1833 uit

2611 3001 3138 3052 het Nieuwe diep en famille#

2637 3051 3116 3098 (Zie monsterrol van dit Schip/

2644 3089 3129 3143 Ret 31 January 11 24 N 5/37

2581 3192 3705 3322 nest me te valede dooreele nulet Res vo ulen e Julen en r N

2564 3428 3182 3545 snn ain n i n e

3958 522 4346 571 Bijzonderheden.

4444 399 4552 446 354.

3852 2567 4380 2622 Hader Entract Stamboek

3820 2600 4508 2657 by Res: 7 April 1838 N 10 /148

3782 2649 4506 2706 Idem nader Extract Stamboek

3777 2680 4767 2747 in de dloos van gedecoreerde e vereden op

3731 2740 4548 2954 te al d Melia antignatsedie La d /

3797 2964 4512 3020 Res 21 Norb lates N 467 H. geheim

3751 3018 4517 3093 selna hede ontramn, tal Manbars acl Redlers

3761 3073 4513 3140 aan de Kandelary gezouden by Res 4 Deeb 1849 N5

3751 3184 4535 3264 gemouteere reng van henntle maar den dan en

3742 3395 4574 3513 te teken  e n ee ete el ig

3802 3561 4759 3634 Henele ee eleen ele e en et van egte enkinge
