5000 3661
638 232 812 285 1052

769 399 1405 453 Namen en Toenamen.

653 498 1035 560 Vif aan Lints

634 545 1405 615 der artellene op 12/23 1854 Nb 20

630 601 1432 665 Zee Res 16 Januarij 1855, N 14

760 741 1387 788 Jacobus Herentius

784 1029 1257 1077 Ciiie

688 1702 1311 1752 Hendrik Pieter

633 1994 1488 2049 Von Denelsen

1072 492 1503 544 Generaale Inspecteur

642 2406 1543 2475 Verlof besluit gevraard 318 82 N. 12 Sl, 10 Sept 2

705 2489 1522 2549 O 3 Voof ooomeeten bralke detelg de zoom vaan

684 2535 1486 2593 tet strm dat beder teett cofar

844 2587 1444 2644 Res P Nars vork Nl 251

661 2659 1400 2709 Elbert Arnauld Corneille

647 2949 1331 3011 Semoris

640 3016 1511 3070 Redder der militaire Willems orde

699 3058 906 3108 4 klasse

611 3099 1517 3156 voor de Expeditie tegen het ryk van Tanette /Celebes/

696 3140 1430 3201 Besluit zit 21 Augustus 1841 N 102

865 3184 1434 3239 Riés 4 Sentb 1841 N 4/ 446

614 3214 1543 3365 d e e e e n en a i e

1567 325 2042 375 Datum van Gehoorte, Namen

1601 373 2028 422 der Ouders, Gehuwd met of

1594 421 1880 473 zonder Kinderen.

1567 537 2036 591 Geboren te s' Hertogenbosch

1696 578 1971 629 Noord braband

1565 639 1933 692 den 21 Mei 1817

1566 743 2023 790 Vader Jacobus Conrard

1570 842 2039 889 Moeder Florentina Catharina

1572 891 1780 940 Speelman

1566 939 1729 987 Godsdienst

1571 1040 1733 1085 Gchuwd te

1565 1140 1630 1189 met

1571 1239 1708 1284 Kinderen

1568 1498 1890 1553 beboren te Delft

1694 1544 2002 1596 ¹ Zeid Holland/

1568 1606 2001 1652 den 24 September 1815

1567 1706 2029 1753 Vader Johannes Christianus

1563 1804 2023 1853 moeder Pieternella Cxalto

1563 1903 1732 1950 Godsdienst

1564 2003 1731 2051 Gchuwd te

1564 2104 1631 2153 met

1564 2204 1708 2252 Kinderen

1579 2409 1636 2454 7o

1561 2468 2029 2518 beboren te Bergen op zoom

1605 2511 2009 2563 t Noord Braband/

1564 2568 1996 2616 den 15 December 1815

1565 2665 2006 2712 Vader Jean Jacque

1567 2764 2024 2812 moeder Catharina Elisa

1563 2813 1885 2864 beth Biesman

1567 2862 1731 2909 Godsdienst

1567 2966 1733 3012 Schuwd to

1564 3067 1629 3115 met

1565 3125 1990 3176 zyne Echtgevoot en twee

1522 3207 2054 3351 dden e e ebe en e aet

2082 343 2467 398 Datum van aanstelling, on

2079 391 2475 447 avancement bij de koupen

2062 483 2483 558 die Schullmant Bat. artel

2054 552 2483 638 en anceerheleit woodigen e

2067 665 2244 713 oost Indie

2067 698 2487 753 Besluit Zekl 28 Septb 1838 AN 108

2077 737 2470 794 Geplaatst by het personee

2077 767 2282 816 der artillerie

2062 806 2504 879 m e  e ne

2068 907 2496 1003 d en e e Juai 1

2069 1234 2479 1282 Gepensioneerd 1 Zuitt

2059 1274 2384 1321 der artillerie

2075 1457 2476 1510 2' Luitenant Bata artil

2075 1493 2364 1542 lerie Schutterij

2079 1528 2474 1578 Besluit 2 M 16 Deeb 1837 A104

2087 1564 2466 1614 In zijnen degenwoordigen ruy

2073 1597 2467 1645 en ancienneleit overgeplaatst

2070 1629 2471 1680 bij het wapen der artillerie in

2062 1662 2236 1708 Oost Indie

2076 1696 2478 1751 Besluit Z et 28 Septb 1838 N 108

2064 1740 2471 1812 Sier artitterie personell

2074 1793 2470 1844 Besluit 33 22 april 1839 N2,

2092 1824 2473 1873 het 10 maat 1nt N

2058 1856 2475 1908 Bevorderd tot s' Luitenant by het

2058 1892 2501 1976 Celens 38 1 februariy 18. 13.

2078 2414 2468 2468 2 Luitenant artillerie

2073 2448 2471 2505 Besluit Zek 16 Decb 1837 N84

2078 2488 2462 2544 In zijnen tegenwoordigen ronger„

2072 2520 2464 2576 ancienneleit overgeplaatst bij

2066 2554 2460 2616 het soapen der artillerie in

2060 2600 2256 2650 Oost Indie

2066 2629 2478 2685 Besluit Z M 3 Septb 1838 Nno

2103 2664 2472 2725 Geplaatst bij het personen

2033 2745 2481 2891 Cn o en 1o n e o

2064 2870 2466 2929 — zesl 19 Novb 1843 A

2046 2929 2470 3018 Partimt 24 20 Fibli 1040

2062 3065 2459 3125 Beblent 39 11 Norb 185 X I

2514 347 3020 402 met welk Schip en van waar naar

2526 394 3017 452 de kolonie vertrokken of in het

2533 442 2912 492 Vaderland geretourneerd.

2527 512 3005 572 Uitgevare, met het schip

2521 546 3021 607 de Saad Uetrecht, den 17 Decem

2519 581 2996 641 ber 1838 uit het nieuwe

2525 629 2599 678 diers

2523 658 2995 716 Aangekomen, te Batavia den

2528 693 2727 747 7 April 1839

3054 352 3595 401 Wanneer en op welke wijze uit den

3083 399 3592 449 Dienst gegaan, Datum van Pen-

3086 445 3572 495 sioen, Demissie of Overlijden.

3042 683 3594 749 ¹ Eervol uit Z M mititae

3055 728 3595 789 re dienst ontslagen en aan

3048 767 3591 830 hem wegens finate onge

3042 805 3594 870 schiktheid voor verdere ne

3040 844 3601 911 tive dienst, en naar rede

3037 893 3576 962 van 33 dienst Jaren, een

3031 940 3599 1013 pentioen toegelegd van Ʀ 495

3042 981 3583 1052 Jaars betaalbaar te sa

3043 1044 3227 1091 marang

3046 1076 3589 1141 Besluit 19 21 Julij 1852 N. 7

3087 1115 3579 1173 Zed 21 Julij 1853 N68

3042 1226 3574 1285 Overleden te Samarang

3056 1259 3549 1340 den 5 Maart 1855

3056 1330 3605 1390 dornutie aan den Burgemeester

3082 1386 3196 1434 derghe

2989 1385 3010 1431 1

2521 1484 3009 1540 Uitgevaren met het schip

2522 1529 3032 1581 de stad Utrecht den 17 Decem

2520 1568 3001 1622 ber 1838 uit het nieuwe

2523 1615 2606 1661 dier

2524 1648 3009 1716 Kansele no3gt Batavia den

3054 1713 3535 1770 op zyn verzoek

3071 1779 3510 1835 Eervol ontslagen

3036 1824 3600 1885 Betleet 495 september 1844 N 3

3096 1866 3615 1921 zel 11 Mei 18845 N 106

3202 1389 3830 1451 Plais 31 Jany. 1857 1 N 3

4228 264 4395 316 1052

3803 395 4191 444 Bijzonderheden.

3655 931 4382 998 Als voer zie byjlage van wedbedl 22 April

3652 966 4377 1032 1851 N 1 by Meil Strat off April 1850

3651 1008 4367 1073 Als voren Ziebijlage in mebelleis tot

3658 1042 4347 1103 18 July 18751 N 7 by Met 1 July 1851

3661 1079 4370 1139 Als voren zuelylage en zed bedunt

3664 1109 4380 1187 dd 9 Juny 1152 N 5 by Meel staat

3660 1449 4388 1510 Gepasseerd en tevordering tot s Zent

3657 1479 4384 1547 ter zaken van  nalatigheid in dienst

3658 1515 4382 1585 zaken is wegens kundigheden niet

3646 1561 4091 1621 ongensteg aangeteekend

3642 1595 4379 1660 Zee bylage in de Hlut staat off Deeb 1842

3667 1646 4356 1706 Het Militair Depurtement, heeft bij

3656 1679 4370 1744 het verzoek om eervol ontslag gerast

3657 1712 4322 1779 porteerd dat het leger niets in

3649 1744 4352 1808 hem verliest, vermits zyn moreel

3651 1778 4361 1844 gedrag veel te wenschen overliet zie

3654 1817 4344 1876 bylager Mulalie staat Sertb 18 44

3637 2421 4380 2472 Afschrift van Cxtrael Stambaek in de

3640 2457 4381 2515 daas „ Extract Stamboeken van beneemde

3638 2495 4331 2548 Ridders onder Res 29 Novb 1842 N 9

3649 2540 4376 2593 In bevordering tot Mazaar gepasseerd

3646 2574 4360 2632 zie bij lage van met betlent 4e Mei

3641 2630 4400 2695 t t d  h te eh e i ne t oiton

3670 2683 4388 2750 Canform Ind bellunt by Mut staat

3685 2725 4048 2787 off October 1855

3668 2840 4361 2915 conform het pouloen beslente,

3669 2872 4368 2946 en belagen by de Meel staat off

3664 2932 4018 2984 Ianuary 1856

3710 2999 4385 3081 Eeplun f  hedfeutio er vd tätam

3831 3102 4313 3162 ors Ect; 9122 1840 N 242 25

3072 3227 3611 3284 Is den 26 Augustus 1860

3096 3266 3608 3319 te Brouwershaven overleden

3088 3303 3571 3354 zee Erk, 9111 1860 N 13

2525 2711 3011 2766 van Veelaf naar Oost indie

2527 2769 3011 2826 Nyverheid, den 11 November

2529 2801 2981 2859 1852 uit Hellevoetsluis

2528 2841 3011 2901 Aangekomen te Batavin den

2558 2874 2839 2929 25 february 1853

2525 2443 3017 2491 Uitgevaren met het schip

2521 2483 3019 2536 de stad Utrecht den 17 Decem

2519 2524 3013 2578 ber 1838 uit het nieuwe deer

2524 2567 2988 2620 Aangekomen te Batavia den

2529 2602 2750 2659 7 april 1839

2534 2647 3015 2701 Als Kommanderende officier

3646 513 4385 569 In bevordering tot kapiteen gemasseer

3640 553 4353 610 zie bylage en het med beklent det 12 July

3635 587 4356 650 11457 N 1 by Mlel stont off July inet

3638 630 4371 693 Als stoen bylage van bellent 28 feb astees

3640 666 4226 727 N 5 in Meel slout off feb uste

3646 697 4376 768 Als von, zee Ind besluit 4 Noob 1148 N 6

3650 728 4303 800 by de Mut stant offe November 188 48

3650 762 4321 833 Als voren in Mut staat deeb 1848

3647 800 4368 868 Als voren beklunt 2feb ur 49 N 2 in Mat

3642 854 4351 928 Alt noem bylegen en beblent te teegs

3686 1192 4395 1299 E ei i nin di en in e

4185 1255 4234 1301 een o

3062 2525 3589 2580 Op zyn verzoek eervol

3051 2569 3595 2626 uit zett militaire dianst

3053 2609 3594 2669 ontslagen met behoud van

3049 2651 3452 2710 regt op pensioen

3050 2696 3599 2756 Besluit 997 Octb 1855 N 5

3136 2733 3619 2795 zelt 22 Aug 1857 N 72

3085 2751 3122 2796 -

3047 2778 3618 2838 wegens 40 Jare, dienst

3057 2828 3606 2881 een penstoen toegekend

3052 2868 3592 2931 van Ʀ1200 „ sJaars be

3050 2911 3575 2974 taalbaar te Batavia

3052 2960 3595 3020 Bethel 7311 Janry 1856

3081 2996 3587 3048 eZest 3 Octb 1857 N 79 N 5
