5000 3802
594 292 790 349 1392

701 464 1396 511 NAMEN EN TOENAME N.

605 833 1402 884 Willem Carel Albertus

559 1130 897 1183 Van der

951 1130 1358 1180 Slucht

629 1178 1461 1235 Benoemd tot Redder der 4 Klasse

654 1218 1488 1277 van de mitit Willems orde voor onder

651 1257 1483 1318 scheiding bij de 1=e Bonische Expeditie

684 1297 1406 1360 Besluit 3 M 22 Junij 1868 N 69

728 1339 1358 1398 Res 25 Juny 1860 N 3/690.

585 1377 1495 1445 By Gour beH: de 30 Novb 184 N 10, het ouder

640 1409 1491 1471 scheiding teeven vaar lang deuige Nedeel dienst

640 1440 1472 1508 als officeer Zoegetend /zuittus Ik off Deeb 1161

595 1787 1410 1838 Adrianus Marinus

997 2082 1391 2142 Rlucht

605 2081 927 2138 van der

604 2146 1478 2206 a My Gaar bekent dot 30 Novb 1161 N 10

656 2196 1475 2246 het onderscheidingt teeken naar lang

650 2236 1461 2285 duigen Nedeel dienst als officiers.

651 2274 1424 2324 toegekend / Zee Met Sk off deeb 1861,

646 2748 1281 2800 Willem David

742 3046 1118 3095 Toul

650 3040 703 3093 1

629 3106 1457 3165 Benoemd tot Ridder der V klasse van de

633 3144 1467 3209 Militaire Willemsoede voor zijn gedrag bij de

632 3181 1464 3251 gedochten in de Zuid en Ooster af d . van Barnco

605 3280 1496 3365 aferandenpheiding tickun di ängelenjg keken

1533 395 2020 442 Datum van Geboorte, Namen

1566 442 2014 491 der Ouders, Gehuwd, met

1568 492 1893 539 of zonder Kinderen.

1531 623 1976 677 Geboven te Maasbree

1733 674 1956 732 Limburg/

1530 729 1965 781 den 19 February 1818

1528 828 1901 881 Vader Adrianus

1529 930 1983 979 Moeder Anna Elizabeth

1530 980 1842 1026 van Hiltrop

1530 1030 1679 1077 Godsdienst

1528 1129 1687 1177 Gchuwd le

1533 1233 1586 1278 met

1532 1335 1656 1381 Kinderen

1535 1589 1947 1637 beboren te Delfzijl

1674 1637 1943 1685 Groningen/

1531 1693 1914 1742 den 26 Juney 1823

1536 1793 1906 1842 Vader Adrianus

1534 1896 1998 1942 Moeder Anna Elizabeth

1540 1946 1857 1994 van Hiltrop

1534 1995 1683 2042 Godsdienst

1535 2098 1689 2146 Gchuwd ie

1533 2200 1589 2247 met

1533 2301 1656 2349 Kinderen

1534 2559 2000 2609 Ceboren des Hertogenbosch

1617 2602 1993 2653 Noord Braband)

1531 2663 1920 2714 den 27. Mei 1822

1535 2761 1976 2819 Vader Johan Frederik

1613 2811 1779 2858 Gotlieb

1530 2863 2010 2922 Moeder Anna Wilhelmina

1536 2913 1917 2965 Louisa Sieverts

1530 2964 1674 3011 Godsdienst

1530 3066 1684 3112 Gchuwd le

1527 3165 1595 3216 met

1532 3269 1653 3314 Kinderen

2081 421 2480 482 Datum van aanstelling on

2065 476 2494 538 avancement bij de Korpen

2050 574 2480 630 2: Luitenant 5 regem=t Inf

2046 615 2474 671 Betluit 2 M 6 July 1846  49

2062 656 2481 712 In zijnen rang en ancienne

2049 692 2484 750 teit overgeplaatst bij het wapen

2043 729 2459 782 der Infanterie in Oost Indie

2040 762 2480 820 met bepaling dat hy in overean

2042 792 2485 852 stemming van het bepaalde bij wit

2046 827 2495 891 2 van het Koninklyk besluit stet 29

2040 868 2485 928 Sentb 18749 N 102 minstens 12 Jaren

2040 905 2486 961 en Indiën zal moeten dienen al

2038 940 2490 997 vorens op penlioen aanspr pank te

2015 1089 2530 1317 bevendte 3e Decemrel 1858 A

1999 1419 2515 1513 de e e e e e

2069 1537 2493 1591 2 Leutenant 5 reg Infantenr

2048 1580 2490 1633 Betluit 2 M 6 July 1846 8 4

2058 1626 2479 1676 In zijnen lang en ancienne

2053 1668 2490 1725 teit overgeplaatst bij het wapen

2050 1712 2488 1763 der Infanterie en Oost Indie

2046 1752 2486 1804 Besluit Zetl 22 Deeb 1849 N79

2060 1792 2441 1840 Geplaatst by het 8 Rakn. Iuf.

2050 1818 2476 1875 Besleut 93 11 January 1851 N 10

2040 1872 2485 1961 Treln / esmitnemn an

2018 2004 2506 2106 Rat inde d Mutelet genenn

2014 2090 2492 2143 Overgenlaatst by het 3 Bakkp

2028 2125 2478 2178 Pedtent 34 12 Augs 1855 N 13

2020 2159 2482 2253 Betleit Ge Ienf antenie n by het

2038 2284 2505 2372 Inferteren  duer uw57 er 6p

2050 2366 2481 2424 Oneonlaatst bij het 13 Rov

2056 2424 2478 2470 Besluit 55 8 Mei 1862 N I1

2059 2496 2480 2555 2: Luitenant 7 o reg Inf

2053 2539 2489 2590 Besluit Z M 25 Septb 1847 A 107

2067 2581 2482 2636 In zijnen rang en ancier

2053 2623 2483 2675 teit overgeplaatst bij het wapen

2048 2666 2473 2718 der Inf in Oost Indie

2044 2704 2487 2759 Besluit 2 M 5 O ctb 1849 N 35

2045 2744 2484 2799 Lerlaatst bij het 3 Ank Inf

2055 2779 2485 2834 Betleut 78 11 January 1851 N 0

2053 2820 2482 2869 Bevorderd tot S:t Luilenems

2073 2852 2471 2901 by het 6 Bat Infanteide

2055 2880 2463 2931 Besluit 975 Deeb 1852 N1

2110 2906 2478 2964 Zest 28 Cert6 4353 N 50

2013 2973 2491 3053 Gour apostell disp ad 9 ortone

2050 3099 2377 3150 het 15e But Inf

2012 3155 2492 3236 Zest 9f Dees 1850 1o 8

2046 3221 2266 3269 Infantere

2039 3248 2487 3306 Beklent 3314 Aug s 1857 N

2032 3299 2523 3365 Sn Cantiy 1f Juniy 1859 A

2040 3369 2477 3422 Overgeplaatst by het 13 But mt

2033 3402 2480 3454 Reklent 33 19 Oelb 1859 N 22

2533 397 3058 464 (alot welk Schip, en van waar naar

2557 444 3054 514 de Kolonie vertrokken of in het

2564 488 2942 553 Vaderland geretourneerd.

2573 568 3046 637 uitgevaren met het Schip

2569 607 3023 674 Gerardus Jacobus, den

2549 644 3054 717 12 Augustus 1850 uit Hel

2544 696 2770 760 levoetsluis

2530 730 3022 805 a Aangekomen te Batavia den

2542 763 3048 833 4e December R8850 ( Zee debarteer strat

2547 833 3046 903 rätnd nta   hantän

2543 896 3032 954 BeMluit 4e 17 Maart 1860 N 2

2531 938 3046 1001 ovegeplaatst by het 3 ruken

2554 969 2727 1029 Jnfante

2548 1000 3044 1061 Betlent 4520 Maart 1861 N 5

2538 1055 3052 1148 de e e e en n e e e

2565 1535 3051 1585 uitgevaren met het schip

2565 1574 3038 1628 Gerardus Iacobus den

2554 1615 3064 1669 12 Augustus 1850 uit Helle

2552 1658 2783 1711 voetsluis

2538 1703 3046 1754 Aangekomen te Batavia den

2545 1737 2913 1789 4 deel 1850 (Zee deb stoent

2549 1785 3065 1837 ¹Overgeplaatst bij het 9' Na

2538 1829 2945 1879 „taillon infanterie

2549 1861 3019 1914 hulbh 22 Aug=o 1863, No 1.

2514 2371 3076 2467 N 18b als Nederlanden kargetele

2552 2495 3055 2552 uitgevaren met het schip

2549 2539 3067 2592 Gerardus Jacobus den 12 Au

2543 2580 3048 2632 gustus 1850 uit Helleraet

2544 2619 2686 2666 sluis

2537 2660 3050 2719 Aangekomen te Batavia den 4

2542 2691 2960 2752 Deel 1850 (zee deb: stont )

2540 2742 3056 2801 ijdiep van het Meler der

2555 2776 3050 2836 det 27 Maart 1615 als Ne

2525 2821 3052 2898 „Onceesdaalst bij het 14 Not

2538 2881 3019 2958 Besluit 558 Med 1862 N. 11

2539 2929 3055 2999 „Herland twee Jaren verlyf naar

2534 2977 2933 3053 test Gl. 2 Januarij 1863 No 9.

2540 3044 3056 3106 van verlof naar In die terugge

2535 3075 3061 3138 „keerd met het schip Ouderkerse

2534 3104 3052 3171 Tel Amstel den 2 October 1887.

2541 3155 3055 3217 ik angekomen te Batavia

2516 3223 3054 3301 en e e e an bi

2546 3278 2835 3337 het 17 Bub: Juf.

2542 3319 3040 3381 ber: 62. 29 Aug: 1865, N: 20.

3088 394 3639 445 Wanneer en op welke wijze uit de

3124 444 3635 491 Dienst gegaan, Datum van Pen-

3119 490 3613 541 sioen, Demissie of Overlijden.

3099 681 3621 731 Overeenkomstig Act 182

3112 719 3620 769 Lester f venhet Militair

3095 752 3631 812 pentioen reglement eer

3102 780 3615 839 vol uit zit militaire

3099 812 3620 877 dienst ontslagen met te

3098 852 3633 913 houd van  regt op pentioen

3095 900 3615 955 Besluit 432 Mei 1862 N 6

3104 968 3644 1017 Overleden te Samarang

3099 1021 3473 1068 den 19 Julij 1862

3086 1067 3649 1117 Op het verzoch der Wees. en Boe

3083 1105 3635 1156 del Kamer te Samarang voor

3087 1143 3641 1193 zooveel noodig toegekewd een

3096 1180 3643 1232 kens ioen vanƦ 1600. - 's jaars.

3080 1223 3641 1272 terl: Gly 22 Januarij 1863, N:o 26.

3110 1697 3657 1756 Oveeeentwinstig art:

3111 1748 3648 1799 Z 82 f van het Militair

3101 1796 3640 1845 pensioen reglement eer„

3098 1839 3646 1886 vol uit Z:o M. r Militaire

3105 1875 3645 1929 dienst ontslagen met

3100 1922 3654 1972 behoud van regt op pen„

3093 1963 3275 2014 „sioen.

3093 1998 3624 2053 bedt Gl. 10 Augs 1864, No 4.

3085 2067 3615 2123 Een pensioen toege

3088 2118 3613 2169 „kend van Ʀ 1480. =

3100 2167 3636 2222 's Jaars, bet: in Neder„

3104 2215 3280 2264 land.

3092 2241 3619 2300 ben Gl. 9 Sept. 1864. N: 64.

3102 2533 3638 2587 „ twee jaren verlof naar

3100 2581 3634 2629 Nederland verleend tot

3104 2625 3630 2674 kenstel van gezondheid.

3097 2667 3581 2719 but. 95. 21 Febr. 1867. No. 1.

3096 2798 3673 2851 B Vij tett berl. dt1 April

3101 2846 3662 2895 187.0. N. o 23, op zijn verzook

3100 2897 3641 2947 met in gang Jn 1 Aprl gt„

3101 2948 3670 2997 cervol uit de Mil: diemst

3101 3004 3647 3051 ontslagen, met t deken

3107 3057 3645 3108 „ning ten zake van lang

3112 3109 3634 3161 daerige dienst van een

3119 3165 3654 3214 pensioen van Ʀ2600. -

3122 3220 3602 3275 rer: enk: 75= 70, N. o 70.

3839 447 4266 500 Bijzonderheden.

3684 558 4423 614 Een verbeterd Extract stamboek ter ver

3677 593 4418 650 vaaging van dat het welk door den officier

3679 628 4283 684 es mede genomen naar d7 gezonden

3689 665 4226 721 Ris 12 Oetb 18350 N 11 734

3700 903 3791 950 1en

3715 2524 3743 2571 1

3723 2617 3753 2662 1

4070 827 4141 873 1

4039 1228 4398 1405 Vollets 2733 f2881

3994 1621 4243 1676 „ „ 1„ „

3855 1631 3911 1677 1

4061 2363 4408 2488 Voll olb 2734 & 2882

3718 2680 4449 2734 O. S. verzocht Ʀ 4. 95 in op het frac

3707 2717 4451 2773 tement van dezen Officier in te houden

3703 2752 4454 2811 wegens verschuldigd gebleven belasting

3833 2787 4425 2854 „ren: 3 Mei 1865, N. . 33 /510.

3718 2848 4434 2900 Aan Pinancien bezwaren mede gedeeld

3718 2882 4172 2932 omtrent de bet7. der Ʀ 4, 95.

3930 2917 4289 2971 ren 27 Octo 1865, N. 15.

3721 2971 4441 3022 Nemiro O3. de bewerste Ʀ 4, 95 vu

3709 3011 3995 3062 is aangezuiverd

3906 3035 4309 3094 ren 15 Dec= 1865, N. 4.

4170 3093 4286 3143 als

4045 3100 4137 3149 valg

3699 3103 3940 3162 Komt met 2

4363 3131 4404 3181 3

3704 3137 4300 3206 mut6 den /8 67 N 20 wravily

3708 3192 3909 3241 2 Oend Ogle

4262 306 4453 355 1392
